<?xml version="1.0" encoding="UTF-8"?><collection xmlns="http://www.loc.gov/MARC21/slim"><record><leader>00395nam--2200157-i-4500</leader><controlfield tag="001">000015889</controlfield><controlfield tag="002">20161230</controlfield><controlfield tag="005">20170221014627</controlfield><controlfield tag="008">060222s1000------------r-----000-0-eng-d</controlfield><datafield ind1=" " ind2=" " tag="100"><subfield code="a">Diaconescu, Dorin</subfield></datafield><datafield ind1=" " ind2=" " tag="245"><subfield code="a">Optimizarea structurala a mecanismelor</subfield></datafield><datafield ind1=" " ind2=" " tag="260"><subfield code="a">Bucuresti</subfield><subfield code="b">Ed.Tehnica</subfield><subfield code="c">1987</subfield></datafield><datafield ind1=" " ind2=" " tag="300"><subfield code="a">312 p</subfield></datafield><datafield ind1=" " ind2=" " tag="700"><subfield code="a">Dudita, Florea</subfield></datafield><datafield ind1=" " ind2=" " tag="852"><subfield code="a">681.5</subfield></datafield><datafield ind1=" " ind2=" " tag="CAT"><subfield code="a">SYS</subfield><subfield code="c">20170221</subfield><subfield code="h">014627</subfield></datafield></record></collection>